<record><leader>00000cas a22000007a 4500</leader><controlfield tag="001">20157004</controlfield><controlfield tag="008">890810d191u19uugauwr ne      0    0eng d</controlfield><datafield ind1=" " ind2=" " tag="010"><subfield code="a">sn 89053491 </subfield></datafield><datafield ind1=" " ind2=" " tag="040"><subfield code="a">NLG</subfield><subfield code="b">eng</subfield><subfield code="c">NLG</subfield><subfield code="d">OCLCQ</subfield><subfield code="d">GUA</subfield><subfield code="d">OCLCQ</subfield></datafield><datafield ind1=" " ind2=" " tag="042"><subfield code="a">msc</subfield></datafield><datafield ind1=" " ind2=" " tag="043"><subfield code="a">n-us-ga</subfield></datafield><datafield ind1="0" ind2=" " tag="130"><subfield code="a">Bulletin (Irwinton, Ga.)</subfield></datafield><datafield ind1="1" ind2="4" tag="245"><subfield code="a">The bulletin.</subfield></datafield><datafield ind1=" " ind2=" " tag="260"><subfield code="a">Irwinton, Wilkinson County, Ga. :</subfield><subfield code="b">Jack Maddox</subfield></datafield><datafield ind1=" " ind2=" " tag="300"><subfield code="a">v.</subfield></datafield><datafield ind1=" " ind2=" " tag="310"><subfield code="a">Weekly</subfield></datafield><datafield ind1=" " ind2=" " tag="530"><subfield code="a">Also on microfilm: Athens, Ga. : University of Georgia Libraries.</subfield></datafield><datafield ind1=" " ind2=" " tag="588"><subfield code="a">Description based on: Vol. 33, no. 17 (Mar. 24, 1939).</subfield></datafield><datafield ind1=" " ind2="4" tag="651"><subfield code="a">Irwinton (Ga.)</subfield><subfield code="v">Newspapers.</subfield></datafield><datafield ind1=" " ind2=" " tag="752"><subfield code="a">United States</subfield><subfield code="b">Georgia</subfield><subfield code="c">Wilkinson</subfield><subfield code="d">Irwinton.</subfield></datafield><datafield ind1="0" ind2="0" tag="780"><subfield code="t">Irwinton bulletin</subfield><subfield code="w">(DLC)sn 96069010</subfield><subfield code="w">(OCoLC)34521723</subfield></datafield><datafield ind1="1" ind2=" " tag="029"><subfield code="a">AU@</subfield><subfield code="b">000020556826</subfield></datafield></record>